@article{ecfp,
  author    = {David Rogers and
               Mathew Hahn},
  title     = {Extended-Connectivity Fingerprints},
  journal   = {Journal of Chemical Information and Modeling},
  volume    = {50},
  number    = {5},
  pages     = {742--754},
  year      = {2010},
  url       = {https://doi.org/10.1021/ci100050t},
  doi       = {10.1021/ci100050t},
  timestamp = {Sun, 28 May 2017 13:20:28 +0200},
  biburl    = {http://dblp.org/rec/bib/journals/jcisd/RogersH10},
  bibsource = {dblp computer science bibliography, http://dblp.org}
}

@article{circular_fp,
author = {C Glem, Robert and Bender, Andreas and Hasselgren, Catrin and Carlsson, Lars and Boyer, Scott and Smith, James},
year = {2006},
month = {04},
pages = {199-204},
title = {Circular fingerprints: Flexible molecular descriptors with applications from physical chemistry to ADME},
volume = {9},
booktitle = {IDrugs : the investigational drugs journal}
}

@article{morgan_alg,
author = {Morgan, H. L.},
title = {The Generation of a Unique Machine Description for Chemical Structures-A Technique Developed at Chemical Abstracts Service.},
journal = {Journal of Chemical Documentation},
volume = {5},
number = {2},
pages = {107-113},
year = {1965},
doi = {10.1021/c160017a018},
URL = {         http://dx.doi.org/10.1021/c160017a018},
eprint = {         http://dx.doi.org/10.1021/c160017a018}
}

@inproceedings{NNFP,
  author    = {David K. Duvenaud and
               Dougal Maclaurin and
               Jorge Aguilera{-}Iparraguirre and
               Rafael G{\'{o}}mez{-}Bombarelli and
               Timothy Hirzel and
               Al{\'{a}}n Aspuru{-}Guzik and
               Ryan P. Adams},
  title     = {Convolutional Networks on Graphs for Learning Molecular Fingerprints},
  booktitle = {Advances in Neural Information Processing Systems 28: Annual Conference
               on Neural Information Processing Systems 2015, December 7-12, 2015,
               Montreal, Quebec, Canada},
  pages     = {2224--2232},
  year      = {2015},
  url       = {http://papers.nips.cc/paper/5954-convolutional-networks-on-graphs-for-learning-molecular-fingerprints},
  timestamp = {Tue, 05 Dec 2017 12:31:21 +0100},
  biburl    = {http://dblp.org/rec/bib/conf/nips/DuvenaudMABHAA15},
  bibsource = {dblp computer science bibliography, http://dblp.org}
}
%%crossref  = {DBLP:conf/nips/2015},


@inproceedings{MPNNs,
  author    = {Justin Gilmer and
               Samuel S. Schoenholz and
               Patrick F. Riley and
               Oriol Vinyals and
               George E. Dahl},
  title     = {Neural Message Passing for Quantum Chemistry},
  booktitle = {Proceedings of the 34th International Conference on Machine Learning,
               {ICML} 2017, Sydney, NSW, Australia, 6-11 August 2017},
  pages     = {1263--1272},
  year      = {2017},
  url       = {http://proceedings.mlr.press/v70/gilmer17a.html},
  timestamp = {Wed, 16 Aug 2017 11:08:55 +0200},
  biburl    = {http://dblp.org/rec/bib/conf/icml/GilmerSRVD17},
  bibsource = {dblp computer science bibliography, http://dblp.org}
}

@article{delaney,
author = {Delaney, John S.},
title = {ESOL: Estimating Aqueous Solubility Directly from Molecular Structure},
journal = {Journal of Chemical Information and Computer Sciences},
volume = {44},
number = {3},
pages = {1000-1005},
year = {2004},
doi = {10.1021/ci034243x},
    note ={PMID: 15154768},
URL = {         http://dx.doi.org/10.1021/ci034243x},
eprint = {         http://dx.doi.org/10.1021/ci034243x}
}

@article{malaria,
  title={Thousands of chemical starting points for antimalarial lead identification},
  author={Gamo, Francisco-Javier and Sanz, Laura M and Vidal, Jaume and de Cozar, Cristina and Alvarez, Emilio and Lavandera, Jose-Luis and Vanderwall, Dana E and Green, Darren VS and Kumar, Vinod and Hasan, Samiul and others},
  journal={Nature},
  volume={465},
  number={7296},
  pages={305},
  year={2010},
  publisher={Nature Publishing Group}
}


@article{cep,
  title={The Harvard clean energy project: large-scale computational screening and design of organic photovoltaics on the world community grid},
  author={Hachmann, Johannes and Olivares-Amaya, Roberto and Atahan-Evrenk, Sule and Amador-Bedolla, Carlos and S{\'a}nchez-Carrera, Roel S and Gold-Parker, Aryeh and Vogt, Leslie and Brockway, Anna M and Aspuru-Guzik, Al{\'a}n},
  journal={The Journal of Physical Chemistry Letters},
  volume={2},
  number={17},
  pages={2241--2251},
  year={2011},
  publisher={ACS Publications}
}


@article{adam,
  author    = {Diederik P. Kingma and
               Jimmy Ba},
  title     = {Adam: {A} Method for Stochastic Optimization},
  journal   = {CoRR},
  volume    = {abs/1412.6980},
  year      = {2014},
  url       = {http://arxiv.org/abs/1412.6980},
  archivePrefix = {arXiv},
  eprint    = {1412.6980},
  timestamp = {Wed, 07 Jun 2017 14:40:52 +0200},
  biburl    = {http://dblp.org/rec/bib/journals/corr/KingmaB14},
  bibsource = {dblp computer science bibliography, http://dblp.org}
}


@inproceedings{all_you_need,
  author    = {Ashish Vaswani and
               Noam Shazeer and
               Niki Parmar and
               Jakob Uszkoreit and
               Llion Jones and
               Aidan N. Gomez and
               Lukasz Kaiser and
               Illia Polosukhin},
  title     = {Attention is All you Need},
  booktitle = {Advances in Neural Information Processing Systems 30: Annual Conference
               on Neural Information Processing Systems 2017, 4-9 December 2017,
               Long Beach, CA, {USA}},
  pages     = {6000--6010},
  year      = {2017},
  url       = {http://papers.nips.cc/paper/7181-attention-is-all-you-need},
  timestamp = {Mon, 27 Nov 2017 12:38:48 +0100},
  biburl    = {http://dblp.org/rec/bib/conf/nips/VaswaniSPUJGKP17},
  bibsource = {dblp computer science bibliography, http://dblp.org}
}


@article{gat,
  author    = {Petar Velickovic and
               Guillem Cucurull and
               Arantxa Casanova and
               Adriana Romero and
               Pietro Li{\`{o}} and
               Yoshua Bengio},
  title     = {Graph Attention Networks},
  journal   = {CoRR},
  volume    = {abs/1710.10903},
  year      = {2017},
  url       = {http://arxiv.org/abs/1710.10903},
  archivePrefix = {arXiv},
  eprint    = {1710.10903},
  timestamp = {Thu, 02 Nov 2017 14:25:36 +0100},
  biburl    = {http://dblp.org/rec/bib/journals/corr/abs-1710-10903},
  bibsource = {dblp computer science bibliography, http://dblp.org}
}
